%% This BibTeX bibliography file was created using BibDesk.
%% https://bibdesk.sourceforge.io/

%% Created for Robert at 2019-06-07 01:00:59 +1000 


%% Saved with string encoding Unicode (UTF-8) 
[1]
[Prediction and Entropy of Printed English]

[2]
[Prosody, information structure and evaluation] 

[3]
[Shannon Entropy]

[4]
[The Duration of Speech Pauses in a Multilingual Environment]

[5]
[A Study of Speech Pauses for Multilingual Time-Scaling Applications] 

[6]
[Comparative Study of Classification Algorithms used in Sentiment Analysis]

[7]
[Fast Entropy Estimation for Natural Sequences] 

[8]
[An analysis of trouble and repair in the natural conversations of people with dementia of the Alzheimerâ€™s type]

[9]
[How To Find Trouble In Communication]

[10]
[Communication Breakdown : A Pragmatics Problem]

[11]
[TensorFlow]

[12]
[Speech Feature Extraction and Classification: A Comparative Review]

[13]
[Machine Learning Paradigms for Speech Recognition: An Overview]

[14]
[Real-time Speech and Music Classification by Large Audio Feature Space Extraction by Florian Eyben]

[15]
[Entropy-Driven Dialog for Topic Classification: Detecting and Tackling Uncertainty]

[16]
[Measurement and Classification of Humans and Bots in Internet Chat]

[17]
[On the performance of Fisher Information Measure and Shannon entropy estimators]

[18]
[Exponential Intuitionistic Fuzzy Information Measure with Assessment of Service Quality]

[19]
[Cross-entropy clustering framework for catchment classification]

[20]
[Isolating effects of age with fair representation learning when assessing dementia]

[21]
[Detecting cognitive impairments by agreeing on interpretations of linguistic features]

[22]
[The Duration of Speech Pauses in a Multilingual Environment]

[23]
[Calpy Github]

[24]
[Article 1: Different Interpretations of Pauses in Natural Conversation ---Japanese, Chinese and Americans 1]

[25]
[Article 3: A Large-Scale Multilingual Study of Silent Pause Duration by Campione and Veronis]

@unpublished{fast-entropy,
	Author = {Andrew D. Back and Daniel Angus and Janet Wiles},
	Date-Added = {2019-06-07 00:58:57 +1000},
	Date-Modified = {2019-06-07 01:00:59 +1000},
	Month = {May},
	Note = {https://arxiv.org/abs/1805.06630},
	Title = {Fast Entropy Estimation for Natural Sequences},
	Year = {2018}}

@conference{pause-code,
	Author = {Daniel Angus and Yeyang Yu and Paul Vrbik and Andrew Back and Janet Wiles},
	Booktitle = {ICMI2018},
	Date-Added = {2019-06-07 00:56:06 +1000},
	Date-Modified = {2019-06-07 00:57:35 +1000},
	Title = {PauseCode: Computational Conversation Timing Analysis},
	Year = {2018}}

@unpublished{pause-language-2,
	Author = {Mike Demol and Werner Verhelst and Piet Verhoeve},
	Date-Added = {2019-06-07 00:48:37 +1000},
	Date-Modified = {2019-06-07 00:51:18 +1000},
	Note = {https://www.researchgate.net/publication/228740134_A_Study_of_Speech_Pauses_for_Multilingual_Time-Scaling_Applications},
	Title = {A Study of Speech Pauses for Multilingual Time-Scaling Applications}}

@article{ml-overview,
	Author = {Li Deng and Xiao Li},
	Date-Added = {2019-06-07 00:41:48 +1000},
	Date-Modified = {2019-06-07 00:43:31 +1000},
	Journal = {IEEE TRANSACTIONS ON AUDIO, SPEECH, AND LANGUAGE PROCESSING},
	Month = {May},
	Number = {5},
	Pages = {1060-1089},
	Title = {Machine Learning Paradigms for Speech Recognition: An Overview},
	Volume = {21},
	Year = {2013}}

@unpublished{isolating-age,
	Author = {Zining Zhu and Jekaterina Novikova and Frank Rudzicz},
	Date-Added = {2019-06-07 00:39:42 +1000},
	Date-Modified = {2019-06-07 00:41:19 +1000},
	Month = {July},
	Note = {https://arxiv.org/abs/1807.07217},
	Title = {Isolating effects of age with fair representation learning when assessing dementia},
	Year = {2018}}

@unpublished{cognitive-imparement,
	Author = {Zining Zhu and Jekaterina Novikova and Frank Rudzicz},
	Date-Added = {2019-06-07 00:37:14 +1000},
	Date-Modified = {2019-06-07 00:40:51 +1000},
	Month = {August},
	Note = {https://arxiv.org/abs/1808.06570},
	Title = {Detecting cognitive impairments by agreeing on interpretations of linguistic features},
	Year = {2018}}

@conference{pause-language-1,
	Author = {Mike Demol and Werner Verhelst and Piet Verhoeve},
	Booktitle = {INTERSPEECH 2007, 8th Annual Conference of the International Speech Communication Association},
	Date-Added = {2019-06-07 00:31:28 +1000},
	Date-Modified = {2019-06-07 00:36:18 +1000},
	Pages = {990-993},
	Title = {The Duration of Speech Pauses in a Multilingual Environment},
	Year = {2007}}

@article{cross-entropy,
	Author = {Hakan Tongal and Bellie Sivakumar},
	Date-Added = {2019-06-07 00:05:30 +1000},
	Date-Modified = {2019-06-07 00:30:51 +1000},
	Journal = {Journal of Hydrology},
	Month = {July},
	Pages = {433-446},
	Read = {0},
	Title = {Cross-entropy clustering framework for catchment classification},
	Volume = {552},
	Year = {2017}}
